@article{foo1999,
  title={Title},
  author={Doe, John},
  journal={International Journal of Nonsense},
  year={1999}
}